@article{ClarkEmberley2011,
  author       = {D. W. Clark and J. Emberley},
  year         = {2011},
  title        = {Update of the 2010 Summer Scotian Shelf and Bay of Fundy Research Vessel Survey},
  journal   = {Can. Tech. Rep. Fish. Aquat. Sci.},
  volume    = {2011/1238},
  pages     = {ix + 98~p}
}

@article{GuénetteClark2016,
  author       = {D. W. Clark and J. Emberley},
  year         = {2011},
  title        = {Information in Support of Recovery Potential Assessment for White Hake ({\emph{Urophycis tenuis}}) from the Scotian Shelf (NAFO Divs. 4VWX5z)},
  journal   = {DFO Can. Sci. Advis. Sec. Res. Doc.},
  volume    = {2016/100},
  pages     = {v + 38~p}
}

@article{LeimScott1966,
  author       = {A. H. Leim and W.B. Scott},
  year         = {2011},
  title        = {Fishes of the Atlantic Coast of Canada},
  journal   = {Bulletin of the Fisheries Research Board of Canada},
  volume    = {155},
  pages     = {485~pp}
}


@article{McEachran1973,
  author       = {J. D. McEachran and J.A. Musick},
  year         = {1973},
  title        = {Characters for distinguishing between immature
specimens of the sibling species, ({\emph{Raja erinacea}}) and ({\emph{Raja ocellata}}) (Pisces: Rajidae)},
  journal   = {Copeia},
  volume    = {1973},
  pages     = {238–250}
}

@article{StoneGross2012,
  author       = {H. H. Stone and W.E. Gross},
  year         = {2012},
  title        = {Review of the Georges Bank Research Vessel Survey
Program, 1987–2011},
  journal   = { Can. Manuscr. Rep. Fish. Aquat. Sci.},
  volume    = {2012/2988},
  pages     = {xiii + 95~p}
}